<record><leader>00000cas a22000007a 4500</leader><controlfield tag="001">11505970</controlfield><controlfield tag="008">841218d18861926ohuwr ne      0    0eng d</controlfield><datafield ind1=" " ind2=" " tag="010"><subfield code="a">sn 84028801 </subfield></datafield><datafield ind1=" " ind2=" " tag="040"><subfield code="a">NPY</subfield><subfield code="b">eng</subfield><subfield code="c">NPY</subfield><subfield code="d">ONP</subfield><subfield code="d">OCLCQ</subfield></datafield><datafield ind1=" " ind2=" " tag="042"><subfield code="a">msc</subfield></datafield><datafield ind1="0" ind2="4" tag="082"><subfield code="a">071.7716</subfield></datafield><datafield ind1="0" ind2=" " tag="130"><subfield code="a">Steubenville herald (Steubenville, Ohio : 1886)</subfield></datafield><datafield ind1="1" ind2="0" tag="245"><subfield code="a">Steubenville herald.</subfield></datafield><datafield ind1="1" ind2="7" tag="246"><subfield code="a">Steubenville weekly herald</subfield></datafield><datafield ind1="1" ind2="7" tag="246"><subfield code="a">Steubenville weekly herald-star</subfield></datafield><datafield ind1=" " ind2=" " tag="260"><subfield code="a">Steubenville, Ohio :</subfield><subfield code="b">P.B. Conn,</subfield><subfield code="c">1886-</subfield></datafield><datafield ind1=" " ind2=" " tag="300"><subfield code="a">v.</subfield></datafield><datafield ind1=" " ind2=" " tag="310"><subfield code="a">Weekly</subfield></datafield><datafield ind1="0" ind2=" " tag="362"><subfield code="a">Vol. 81, no. 20 (May 14, 1886)-</subfield></datafield><datafield ind1="1" ind2=" " tag="362"><subfield code="a">Ceased in 1926.</subfield></datafield><datafield ind1=" " ind2=" " tag="515"><subfield code="a">Vol. 103, no. 1 (Jan. 3, 1908) misdated 1907.</subfield></datafield><datafield ind1=" " ind2=" " tag="580"><subfield code="a">Daily eds.: Steubenville daily herald (Steubenville, Ohio : 1875), 1875-1896, and: Steubenville herald (Steubenville, Ohio : 1896), 1896-1897 and: Steubenville herald-star, 1898-1926.</subfield></datafield><datafield ind1=" " ind2=" " tag="752"><subfield code="a">United States</subfield><subfield code="b">Ohio</subfield><subfield code="c">Jefferson</subfield><subfield code="d">Steubenville.</subfield></datafield><datafield ind1="1" ind2=" " tag="775"><subfield code="t">Steubenville daily herald (Steubenville, Ohio : 1875)</subfield><subfield code="w">(DLC)sn 84028809</subfield></datafield><datafield ind1="1" ind2=" " tag="775"><subfield code="t">Steubenville herald (Steubenville, Ohio : 1896)</subfield><subfield code="w">(DLC)sn 84028810</subfield></datafield><datafield ind1="1" ind2=" " tag="775"><subfield code="t">Steubenville herald-star</subfield><subfield code="w">(DLC)sn 84028811</subfield></datafield><datafield ind1="0" ind2="0" tag="780"><subfield code="t">Steubenville weekly herald (Steubenville, Ohio : 1875)</subfield><subfield code="w">(DLC)sn 84028800</subfield></datafield></record>